%% This BibTeX bibliography file was created using BibDesk.
%% http://bibdesk.sourceforge.net/


%% Created for Kristian Knakkergaard Nielsen at 2017-05-10 13:31:19 +0200 


%% Saved with string encoding Unicode (UTF-8) 



@article{Altman.Pairing.spinlessfermions,
	Author = {Jonathan Ruhman and Ehud Altman},
	Date-Added = {2017-05-10 11:29:30 +0000},
	Date-Modified = {2017-05-10 11:30:46 +0000},
	Journal = {arXiv:1705.00635v1},
	Title = {Topological degeneracy and pairing in a one-dimensional gas of spinless Fermions},
	Year = {2017},
	Bdsk-File-1 = {YnBsaXN0MDDUAQIDBAUGJCVYJHZlcnNpb25YJG9iamVjdHNZJGFyY2hpdmVyVCR0b3ASAAGGoKgHCBMUFRYaIVUkbnVsbNMJCgsMDxJXTlMua2V5c1pOUy5vYmplY3RzViRjbGFzc6INDoACgAOiEBGABIAFgAdccmVsYXRpdmVQYXRoWWFsaWFzRGF0YV8QNS4uL21hdGVyaWFsZS92YWxpZGl0eW9mbWVhbmZpZWxkdGhlb3J5LzE3MDUuMDA2MzUucGRm0hcLGBlXTlMuZGF0YU8RAiIAAAAAAiIAAgAADE1hY2ludG9zaCBIRAAAAAAAAAAAAAAAAAAAANDpKGRIKwAAAOnG3A4xNzA1LjAwNjM1LnBkZgAAAAAAAAAAAAAAAAAAAAAAAAAAAAAAAAAAAAAAAAAAAAAAAAAAAAAAAAAAAAAAAAAA8u4r1Ti9xQAAAAAAAAAAAAEAAwAACSAAAAAAAAAAAAAAAAAAAAAZdmFsaWRpdHlvZm1lYW5maWVsZHRoZW9yeQAAEAAIAADQ6RpUAAAAEQAIAADVOKGlAAAAAQAgAOnG3AC7rPQAuZUUALfgewAQlW8AEJVpABCMsQAQjK8AAgB3TWFjaW50b3NoIEhEOlVzZXJzOgBrbmFra2VyZ2FhcmQ0OgBEb2N1bWVudHM6AEFVOgA1LmFhcjoAU3BlY2lhbGU6AG1hdGVyaWFsZToAdmFsaWRpdHlvZm1lYW5maWVsZHRoZW9yeToAMTcwNS4wMDYzNS5wZGYAAA4AHgAOADEANwAwADUALgAwADAANgAzADUALgBwAGQAZgAPABoADABNAGEAYwBpAG4AdABvAHMAaAAgAEgARAASAGJVc2Vycy9rbmFra2VyZ2FhcmQ0L0RvY3VtZW50cy9BVS81LmFhci9TcGVjaWFsZS9tYXRlcmlhbGUvdmFsaWRpdHlvZm1lYW5maWVsZHRoZW9yeS8xNzA1LjAwNjM1LnBkZgATAAEvAAAVAAIAFP//AACABtIbHB0eWiRjbGFzc25hbWVYJGNsYXNzZXNdTlNNdXRhYmxlRGF0YaMdHyBWTlNEYXRhWE5TT2JqZWN00hscIiNcTlNEaWN0aW9uYXJ5oiIgXxAPTlNLZXllZEFyY2hpdmVy0SYnVHJvb3SAAQAIABEAGgAjAC0AMgA3AEAARgBNAFUAYABnAGoAbABuAHEAcwB1AHcAhACOAMYAywDTAvkC+wMAAwsDFAMiAyYDLQM2AzsDSANLA10DYANlAAAAAAAAAgEAAAAAAAAAKAAAAAAAAAAAAAAAAAAAA2c=}}

@article{Kane.Pairing.Luttingerliquids,
	Author = {Charles L. Kane and Ady Stern and Bertrand I. Halperin},
	Date-Added = {2017-05-10 11:27:33 +0000},
	Date-Modified = {2017-05-10 11:28:39 +0000},
	Journal = {arXiv:1701.06200v1},
	Title = {Pairing in Luttinger Liquids and Quantum Hall States},
	Year = {2017},
	Bdsk-File-1 = {YnBsaXN0MDDUAQIDBAUGJCVYJHZlcnNpb25YJG9iamVjdHNZJGFyY2hpdmVyVCR0b3ASAAGGoKgHCBMUFRYaIVUkbnVsbNMJCgsMDxJXTlMua2V5c1pOUy5vYmplY3RzViRjbGFzc6INDoACgAOiEBGABIAFgAdccmVsYXRpdmVQYXRoWWFsaWFzRGF0YV8QNS4uL21hdGVyaWFsZS92YWxpZGl0eW9mbWVhbmZpZWxkdGhlb3J5LzE3MDEuMDYyMDAucGRm0hcLGBlXTlMuZGF0YU8RAiIAAAAAAiIAAgAADE1hY2ludG9zaCBIRAAAAAAAAAAAAAAAAAAAANDpKGRIKwAAAOnG3A4xNzAxLjA2MjAwLnBkZgAAAAAAAAAAAAAAAAAAAAAAAAAAAAAAAAAAAAAAAAAAAAAAAAAAAAAAAAAAAAAAAAAA8u4q1Ti9lQAAAAAAAAAAAAEAAwAACSAAAAAAAAAAAAAAAAAAAAAZdmFsaWRpdHlvZm1lYW5maWVsZHRoZW9yeQAAEAAIAADQ6RpUAAAAEQAIAADVOKF1AAAAAQAgAOnG3AC7rPQAuZUUALfgewAQlW8AEJVpABCMsQAQjK8AAgB3TWFjaW50b3NoIEhEOlVzZXJzOgBrbmFra2VyZ2FhcmQ0OgBEb2N1bWVudHM6AEFVOgA1LmFhcjoAU3BlY2lhbGU6AG1hdGVyaWFsZToAdmFsaWRpdHlvZm1lYW5maWVsZHRoZW9yeToAMTcwMS4wNjIwMC5wZGYAAA4AHgAOADEANwAwADEALgAwADYAMgAwADAALgBwAGQAZgAPABoADABNAGEAYwBpAG4AdABvAHMAaAAgAEgARAASAGJVc2Vycy9rbmFra2VyZ2FhcmQ0L0RvY3VtZW50cy9BVS81LmFhci9TcGVjaWFsZS9tYXRlcmlhbGUvdmFsaWRpdHlvZm1lYW5maWVsZHRoZW9yeS8xNzAxLjA2MjAwLnBkZgATAAEvAAAVAAIAFP//AACABtIbHB0eWiRjbGFzc25hbWVYJGNsYXNzZXNdTlNNdXRhYmxlRGF0YaMdHyBWTlNEYXRhWE5TT2JqZWN00hscIiNcTlNEaWN0aW9uYXJ5oiIgXxAPTlNLZXllZEFyY2hpdmVy0SYnVHJvb3SAAQAIABEAGgAjAC0AMgA3AEAARgBNAFUAYABnAGoAbABuAHEAcwB1AHcAhACOAMYAywDTAvkC+wMAAwsDFAMiAyYDLQM2AzsDSANLA10DYANlAAAAAAAAAgEAAAAAAAAAKAAAAAAAAAAAAAAAAAAAA2c=}}

@article{Flensberg.numberconserving1Dfermions,
	Author = {Jay D. Sau and B. I. Halperin and K. Flensberg  and S. Das Sarma},
	Date-Added = {2017-05-10 11:25:52 +0000},
	Date-Modified = {2017-05-10 11:27:28 +0000},
	Journal = {Physical Review B},
	Number = {144509},
	Title = {Number conserving theory for topologically protected degeneracy in one-dimensional fermions},
	Volume = {84},
	Year = {2011},
	Bdsk-File-1 = {YnBsaXN0MDDUAQIDBAUGJCVYJHZlcnNpb25YJG9iamVjdHNZJGFyY2hpdmVyVCR0b3ASAAGGoKgHCBMUFRYaIVUkbnVsbNMJCgsMDxJXTlMua2V5c1pOUy5vYmplY3RzViRjbGFzc6INDoACgAOiEBGABIAFgAdccmVsYXRpdmVQYXRoWWFsaWFzRGF0YV8QPS4uL21hdGVyaWFsZS92YWxpZGl0eW9mbWVhbmZpZWxkdGhlb3J5L1BoeXNSZXZCLjg0LjE0NDUwOS5wZGbSFwsYGVdOUy5kYXRhTxECQgAAAAACQgACAAAMTWFjaW50b3NoIEhEAAAAAAAAAAAAAAAAAAAA0OkoZEgrAAAA6cbcFlBoeXNSZXZCLjg0LjE0NDUwOS5wZGYAAAAAAAAAAAAAAAAAAAAAAAAAAAAAAAAAAAAAAAAAAAAAAAAAAAAAAADy73LVOMVCAAAAAAAAAAAAAQADAAAJIAAAAAAAAAAAAAAAAAAAABl2YWxpZGl0eW9mbWVhbmZpZWxkdGhlb3J5AAAQAAgAANDpGlQAAAARAAgAANU4qSIAAAABACAA6cbcALus9AC5lRQAt+B7ABCVbwAQlWkAEIyxABCMrwACAH9NYWNpbnRvc2ggSEQ6VXNlcnM6AGtuYWtrZXJnYWFyZDQ6AERvY3VtZW50czoAQVU6ADUuYWFyOgBTcGVjaWFsZToAbWF0ZXJpYWxlOgB2YWxpZGl0eW9mbWVhbmZpZWxkdGhlb3J5OgBQaHlzUmV2Qi44NC4xNDQ1MDkucGRmAAAOAC4AFgBQAGgAeQBzAFIAZQB2AEIALgA4ADQALgAxADQANAA1ADAAOQAuAHAAZABmAA8AGgAMAE0AYQBjAGkAbgB0AG8AcwBoACAASABEABIAalVzZXJzL2tuYWtrZXJnYWFyZDQvRG9jdW1lbnRzL0FVLzUuYWFyL1NwZWNpYWxlL21hdGVyaWFsZS92YWxpZGl0eW9mbWVhbmZpZWxkdGhlb3J5L1BoeXNSZXZCLjg0LjE0NDUwOS5wZGYAEwABLwAAFQACABT//wAAgAbSGxwdHlokY2xhc3NuYW1lWCRjbGFzc2VzXU5TTXV0YWJsZURhdGGjHR8gVk5TRGF0YVhOU09iamVjdNIbHCIjXE5TRGljdGlvbmFyeaIiIF8QD05TS2V5ZWRBcmNoaXZlctEmJ1Ryb290gAEACAARABoAIwAtADIANwBAAEYATQBVAGAAZwBqAGwAbgBxAHMAdQB3AIQAjgDOANMA2wMhAyMDKAMzAzwDSgNOA1UDXgNjA3ADcwOFA4gDjQAAAAAAAAIBAAAAAAAAACgAAAAAAAAAAAAAAAAAAAOP}}

@article{Alecce.extendKitaev,
	Author = {Antonio Alecce and Luca Dell'Anna},
	Date-Added = {2017-04-24 09:21:25 +0000},
	Date-Modified = {2017-04-24 09:23:14 +0000},
	Journal = {arXiv:1703.10086v1},
	Read = {1},
	Title = {Extended Kitaev chain with longer range hopping and pairing},
	Year = {2017},
	Bdsk-File-1 = {YnBsaXN0MDDUAQIDBAUGJCVYJHZlcnNpb25YJG9iamVjdHNZJGFyY2hpdmVyVCR0b3ASAAGGoKgHCBMUFRYaIVUkbnVsbNMJCgsMDxJXTlMua2V5c1pOUy5vYmplY3RzViRjbGFzc6INDoACgAOiEBGABIAFgAdccmVsYXRpdmVQYXRoWWFsaWFzRGF0YV8QGy4uL21hdGVyaWFsZS8xNzAzLjEwMDg2LnBkZtIXCxgZV05TLmRhdGFPEQHYAAAAAAHYAAIAAAxNYWNpbnRvc2ggSEQAAAAAAAAAAAAAAAAAAADQ6ShkSCsAAAC7rPQOMTcwMy4xMDA4Ni5wZGYAAAAAAAAAAAAAAAAAAAAAAAAAAAAAAAAAAAAAAAAAAAAAAAAAAAAAAAAAAAAAAAAAAOiC3NUGwosAAAAAAAAAAAABAAIAAAkgAAAAAAAAAAAAAAAAAAAACW1hdGVyaWFsZQAAEAAIAADQ6RpUAAAAEQAIAADVBqZrAAAAAQAcALus9AC5lRQAt+B7ABCVbwAQlWkAEIyxABCMrwACAFxNYWNpbnRvc2ggSEQ6VXNlcnM6AGtuYWtrZXJnYWFyZDQ6AERvY3VtZW50czoAQVU6ADUuYWFyOgBTcGVjaWFsZToAbWF0ZXJpYWxlOgAxNzAzLjEwMDg2LnBkZgAOAB4ADgAxADcAMAAzAC4AMQAwADAAOAA2AC4AcABkAGYADwAaAAwATQBhAGMAaQBuAHQAbwBzAGgAIABIAEQAEgBIVXNlcnMva25ha2tlcmdhYXJkNC9Eb2N1bWVudHMvQVUvNS5hYXIvU3BlY2lhbGUvbWF0ZXJpYWxlLzE3MDMuMTAwODYucGRmABMAAS8AABUAAgAU//8AAIAG0hscHR5aJGNsYXNzbmFtZVgkY2xhc3Nlc11OU011dGFibGVEYXRhox0fIFZOU0RhdGFYTlNPYmplY3TSGxwiI1xOU0RpY3Rpb25hcnmiIiBfEA9OU0tleWVkQXJjaGl2ZXLRJidUcm9vdIABAAgAEQAaACMALQAyADcAQABGAE0AVQBgAGcAagBsAG4AcQBzAHUAdwCEAI4ArACxALkClQKXApwCpwKwAr4CwgLJAtIC1wLkAucC+QL8AwEAAAAAAAACAQAAAAAAAAAoAAAAAAAAAAAAAAAAAAADAw==}}

@article{Ortiz.pxpy,
	Author = {Stefan M. A. Rombouts and Jorge Dubelsky and Gerardo Ortiz},
	Date-Added = {2017-04-20 12:54:52 +0000},
	Date-Modified = {2017-05-01 12:16:27 +0000},
	Journal = {Physical Review B},
	Number = {224510},
	Read = {1},
	Title = {Quantum phase diagram of the integrable px+ipy fermionic superfluid},
	Volume = {82},
	Year = {2010},
	Bdsk-File-1 = {YnBsaXN0MDDUAQIDBAUGJCVYJHZlcnNpb25YJG9iamVjdHNZJGFyY2hpdmVyVCR0b3ASAAGGoKgHCBMUFRYaIVUkbnVsbNMJCgsMDxJXTlMua2V5c1pOUy5vYmplY3RzViRjbGFzc6INDoACgAOiEBGABIAFgAdccmVsYXRpdmVQYXRoWWFsaWFzRGF0YV8QPS4uL21hdGVyaWFsZS92YWxpZGl0eW9mbWVhbmZpZWxkdGhlb3J5L1BoeXNSZXZCLjgyLjIyNDUxMC5wZGbSFwsYGVdOUy5kYXRhTxECQgAAAAACQgACAAAMTWFjaW50b3NoIEhEAAAAAAAAAAAAAAAAAAAA0OkoZEgrAAAA6cbcFlBoeXNSZXZCLjgyLjIyNDUxMC5wZGYAAAAAAAAAAAAAAAAAAAAAAAAAAAAAAAAAAAAAAAAAAAAAAAAAAAAAAADtK0bVHUiTAAAAAAAAAAAAAQADAAAJIAAAAAAAAAAAAAAAAAAAABl2YWxpZGl0eW9mbWVhbmZpZWxkdGhlb3J5AAAQAAgAANDpGlQAAAARAAgAANUdLHMAAAABACAA6cbcALus9AC5lRQAt+B7ABCVbwAQlWkAEIyxABCMrwACAH9NYWNpbnRvc2ggSEQ6VXNlcnM6AGtuYWtrZXJnYWFyZDQ6AERvY3VtZW50czoAQVU6ADUuYWFyOgBTcGVjaWFsZToAbWF0ZXJpYWxlOgB2YWxpZGl0eW9mbWVhbmZpZWxkdGhlb3J5OgBQaHlzUmV2Qi44Mi4yMjQ1MTAucGRmAAAOAC4AFgBQAGgAeQBzAFIAZQB2AEIALgA4ADIALgAyADIANAA1ADEAMAAuAHAAZABmAA8AGgAMAE0AYQBjAGkAbgB0AG8AcwBoACAASABEABIAalVzZXJzL2tuYWtrZXJnYWFyZDQvRG9jdW1lbnRzL0FVLzUuYWFyL1NwZWNpYWxlL21hdGVyaWFsZS92YWxpZGl0eW9mbWVhbmZpZWxkdGhlb3J5L1BoeXNSZXZCLjgyLjIyNDUxMC5wZGYAEwABLwAAFQACABT//wAAgAbSGxwdHlokY2xhc3NuYW1lWCRjbGFzc2VzXU5TTXV0YWJsZURhdGGjHR8gVk5TRGF0YVhOU09iamVjdNIbHCIjXE5TRGljdGlvbmFyeaIiIF8QD05TS2V5ZWRBcmNoaXZlctEmJ1Ryb290gAEACAARABoAIwAtADIANwBAAEYATQBVAGAAZwBqAGwAbgBxAHMAdQB3AIQAjgDOANMA2wMhAyMDKAMzAzwDSgNOA1UDXgNjA3ADcwOFA4gDjQAAAAAAAAIBAAAAAAAAACgAAAAAAAAAAAAAAAAAAAOP}}

@book{Cardy.StatPhys,
	Author = {John Cardy},
	Date-Added = {2017-04-20 09:59:32 +0000},
	Date-Modified = {2017-04-20 10:01:23 +0000},
	Publisher = {Cambridge University Press},
	Rating = {4},
	Series = {Cambridge lecture notes in physics},
	Title = {Scaling and renormalization in statistical physics},
	Year = {1996}}

@article{Ortiz.Beyondmeanfieldtheory,
	Author = {Gerardo Ortiz and Emilio Cobanera},
	Date-Added = {2017-04-18 10:00:49 +0000},
	Date-Modified = {2017-04-18 10:02:45 +0000},
	Journal = {Annals of Physics},
	Pages = {357-374},
	Title = {What is a particle-conserving Topological Superfluid? The fate of Majorana modes beyond mean-field theory},
	Volume = {372},
	Year = {2016}}

@article{Hohenberg.MerminWagnertheorem,
	Author = {P. C. Hohenberg},
	Date-Added = {2017-04-18 09:53:29 +0000},
	Date-Modified = {2017-04-18 09:59:57 +0000},
	Journal = {Physical Review},
	Number = {2},
	Read = {1},
	Title = {Existence of long-range order in one and two dimensions},
	Volume = {158},
	Year = {1967},
	Bdsk-File-1 = {YnBsaXN0MDDUAQIDBAUGJCVYJHZlcnNpb25YJG9iamVjdHNZJGFyY2hpdmVyVCR0b3ASAAGGoKgHCBMUFRYaIVUkbnVsbNMJCgsMDxJXTlMua2V5c1pOUy5vYmplY3RzViRjbGFzc6INDoACgAOiEBGABIAFgAdccmVsYXRpdmVQYXRoWWFsaWFzRGF0YV8QOi4uL21hdGVyaWFsZS92YWxpZGl0eW9mbWVhbmZpZWxkdGhlb3J5L1BoeXNSZXYuMTU4LjM4My5wZGbSFwsYGVdOUy5kYXRhTxECNgAAAAACNgACAAAMTWFjaW50b3NoIEhEAAAAAAAAAAAAAAAAAAAA0OkoZEgrAAAA6cbcE1BoeXNSZXYuMTU4LjM4My5wZGYAAAAAAAAAAAAAAAAAAAAAAAAAAAAAAAAAAAAAAAAAAAAAAAAAAAAAAAAAAADsjI7VG62eAAAAAAAAAAAAAQADAAAJIAAAAAAAAAAAAAAAAAAAABl2YWxpZGl0eW9mbWVhbmZpZWxkdGhlb3J5AAAQAAgAANDpGlQAAAARAAgAANUbkX4AAAABACAA6cbcALus9AC5lRQAt+B7ABCVbwAQlWkAEIyxABCMrwACAHxNYWNpbnRvc2ggSEQ6VXNlcnM6AGtuYWtrZXJnYWFyZDQ6AERvY3VtZW50czoAQVU6ADUuYWFyOgBTcGVjaWFsZToAbWF0ZXJpYWxlOgB2YWxpZGl0eW9mbWVhbmZpZWxkdGhlb3J5OgBQaHlzUmV2LjE1OC4zODMucGRmAA4AKAATAFAAaAB5AHMAUgBlAHYALgAxADUAOAAuADMAOAAzAC4AcABkAGYADwAaAAwATQBhAGMAaQBuAHQAbwBzAGgAIABIAEQAEgBnVXNlcnMva25ha2tlcmdhYXJkNC9Eb2N1bWVudHMvQVUvNS5hYXIvU3BlY2lhbGUvbWF0ZXJpYWxlL3ZhbGlkaXR5b2ZtZWFuZmllbGR0aGVvcnkvUGh5c1Jldi4xNTguMzgzLnBkZgAAEwABLwAAFQACABT//wAAgAbSGxwdHlokY2xhc3NuYW1lWCRjbGFzc2VzXU5TTXV0YWJsZURhdGGjHR8gVk5TRGF0YVhOU09iamVjdNIbHCIjXE5TRGljdGlvbmFyeaIiIF8QD05TS2V5ZWRBcmNoaXZlctEmJ1Ryb290gAEACAARABoAIwAtADIANwBAAEYATQBVAGAAZwBqAGwAbgBxAHMAdQB3AIQAjgDLANAA2AMSAxQDGQMkAy0DOwM/A0YDTwNUA2EDZAN2A3kDfgAAAAAAAAIBAAAAAAAAACgAAAAAAAAAAAAAAAAAAAOA}}

@article{BudichArdonne1DDIII,
	Author = {Jan Carl Budich and Eddy Ardonne},
	Date-Added = {2017-03-27 11:19:36 +0000},
	Date-Modified = {2017-03-27 11:20:54 +0000},
	Journal = {arXiv:1308.1256v2},
	Read = {1},
	Title = {Topological invariant for generic 1D time reversal symmetric superconductors in class DIII},
	Year = {2013},
	Bdsk-File-1 = {YnBsaXN0MDDUAQIDBAUGJCVYJHZlcnNpb25YJG9iamVjdHNZJGFyY2hpdmVyVCR0b3ASAAGGoKgHCBMUFRYaIVUkbnVsbNMJCgsMDxJXTlMua2V5c1pOUy5vYmplY3RzViRjbGFzc6INDoACgAOiEBGABIAFgAdccmVsYXRpdmVQYXRoWWFsaWFzRGF0YV8QGi4uL21hdGVyaWFsZS8xMzA4LjEyNTYucGRm0hcLGBlXTlMuZGF0YU8RAdYAAAAAAdYAAgAADE1hY2ludG9zaCBIRAAAAAAAAAAAAAAAAAAAANDpKGRIKwAAALus9A0xMzA4LjEyNTYucGRmAAAAAAAAAAAAAAAAAAAAAAAAAAAAAAAAAAAAAAAAAAAAAAAAAAAAAAAAAAAAAAAAAAAA5xV11P7ByQAAAAAAAAAAAAEAAgAACSAAAAAAAAAAAAAAAAAAAAAJbWF0ZXJpYWxlAAAQAAgAANDpGlQAAAARAAgAANT+pakAAAABABwAu6z0ALmVFAC34HsAEJVvABCVaQAQjLEAEIyvAAIAW01hY2ludG9zaCBIRDpVc2VyczoAa25ha2tlcmdhYXJkNDoARG9jdW1lbnRzOgBBVToANS5hYXI6AFNwZWNpYWxlOgBtYXRlcmlhbGU6ADEzMDguMTI1Ni5wZGYAAA4AHAANADEAMwAwADgALgAxADIANQA2AC4AcABkAGYADwAaAAwATQBhAGMAaQBuAHQAbwBzAGgAIABIAEQAEgBHVXNlcnMva25ha2tlcmdhYXJkNC9Eb2N1bWVudHMvQVUvNS5hYXIvU3BlY2lhbGUvbWF0ZXJpYWxlLzEzMDguMTI1Ni5wZGYAABMAAS8AABUAAgAU//8AAIAG0hscHR5aJGNsYXNzbmFtZVgkY2xhc3Nlc11OU011dGFibGVEYXRhox0fIFZOU0RhdGFYTlNPYmplY3TSGxwiI1xOU0RpY3Rpb25hcnmiIiBfEA9OU0tleWVkQXJjaGl2ZXLRJidUcm9vdIABAAgAEQAaACMALQAyADcAQABGAE0AVQBgAGcAagBsAG4AcQBzAHUAdwCEAI4AqwCwALgCkgKUApkCpAKtArsCvwLGAs8C1ALhAuQC9gL5Av4AAAAAAAACAQAAAAAAAAAoAAAAAAAAAAAAAAAAAAADAA==}}

@article{TaylorBCStoBEC,
	Author = {Mohit Randeria and Edward Taylor},
	Date-Added = {2017-03-17 08:30:39 +0000},
	Date-Modified = {2017-03-17 08:32:35 +0000},
	Journal = {￼arXiv:1306.5785v3},
	Title = {BCS-BEC Crossover and the Unitary Fermi Gas},
	Year = {2014},
	Bdsk-File-1 = {YnBsaXN0MDDUAQIDBAUGJCVYJHZlcnNpb25YJG9iamVjdHNZJGFyY2hpdmVyVCR0b3ASAAGGoKgHCBMUFRYaIVUkbnVsbNMJCgsMDxJXTlMua2V5c1pOUy5vYmplY3RzViRjbGFzc6INDoACgAOiEBGABIAFgAdccmVsYXRpdmVQYXRoWWFsaWFzRGF0YV8QGi4uL21hdGVyaWFsZS8xMzA2LjU3ODUucGRm0hcLGBlXTlMuZGF0YU8RAdYAAAAAAdYAAgAADE1hY2ludG9zaCBIRAAAAAAAAAAAAAAAAAAAANDpKGRIKwAAALus9A0xMzA2LjU3ODUucGRmAAAAAAAAAAAAAAAAAAAAAAAAAAAAAAAAAAAAAAAAAAAAAAAAAAAAAAAAAAAAAAAAAAAA5RaU1PFavgAAAAAAAAAAAAEAAgAACSAAAAAAAAAAAAAAAAAAAAAJbWF0ZXJpYWxlAAAQAAgAANDpGlQAAAARAAgAANTxTK4AAAABABwAu6z0ALmVFAC34HsAEJVvABCVaQAQjLEAEIyvAAIAW01hY2ludG9zaCBIRDpVc2VyczoAa25ha2tlcmdhYXJkNDoARG9jdW1lbnRzOgBBVToANS5hYXI6AFNwZWNpYWxlOgBtYXRlcmlhbGU6ADEzMDYuNTc4NS5wZGYAAA4AHAANADEAMwAwADYALgA1ADcAOAA1AC4AcABkAGYADwAaAAwATQBhAGMAaQBuAHQAbwBzAGgAIABIAEQAEgBHVXNlcnMva25ha2tlcmdhYXJkNC9Eb2N1bWVudHMvQVUvNS5hYXIvU3BlY2lhbGUvbWF0ZXJpYWxlLzEzMDYuNTc4NS5wZGYAABMAAS8AABUAAgAU//8AAIAG0hscHR5aJGNsYXNzbmFtZVgkY2xhc3Nlc11OU011dGFibGVEYXRhox0fIFZOU0RhdGFYTlNPYmplY3TSGxwiI1xOU0RpY3Rpb25hcnmiIiBfEA9OU0tleWVkQXJjaGl2ZXLRJidUcm9vdIABAAgAEQAaACMALQAyADcAQABGAE0AVQBgAGcAagBsAG4AcQBzAHUAdwCEAI4AqwCwALgCkgKUApkCpAKtArsCvwLGAs8C1ALhAuQC9gL5Av4AAAAAAAACAQAAAAAAAAAoAAAAAAAAAAAAAAAAAAADAA==}}

@book{BernevigTITSC,
	Author = {B. Andrei Bernevig and Taylor L. Hughes},
	Date-Added = {2017-03-09 10:18:26 +0000},
	Date-Modified = {2017-03-09 10:20:45 +0000},
	Publisher = {Princeton University Press},
	Title = {Topological Insulators and Topological Superconductors},
	Year = {2013}}

@article{KitaevTopPhases,
	Author = {Lukasz Fidkowski and Alexei Kitaev},
	Date-Added = {2017-03-01 13:33:29 +0000},
	Date-Modified = {2017-05-01 12:17:06 +0000},
	Journal = {Physical Review B},
	Number = {075103},
	Title = {Topological phases of fermions in one dimension},
	Volume = {83},
	Year = {2011},
	Bdsk-File-1 = {YnBsaXN0MDDUAQIDBAUGJCVYJHZlcnNpb25YJG9iamVjdHNZJGFyY2hpdmVyVCR0b3ASAAGGoKgHCBMUFRYaIVUkbnVsbNMJCgsMDxJXTlMua2V5c1pOUy5vYmplY3RzViRjbGFzc6INDoACgAOiEBGABIAFgAdccmVsYXRpdmVQYXRoWWFsaWFzRGF0YV8QIy4uL21hdGVyaWFsZS9QaHlzUmV2Qi44My4wNzUxMDMucGRm0hcLGBlXTlMuZGF0YU8RAfgAAAAAAfgAAgAADE1hY2ludG9zaCBIRAAAAAAAAAAAAAAAAAAAANDpKGRIKwAAALus9BZQaHlzUmV2Qi44My4wNzUxMDMucGRmAAAAAAAAAAAAAAAAAAAAAAAAAAAAAAAAAAAAAAAAAAAAAAAAAAAAAAAA4Ay21MxpGAAAAAAAAAAAAAEAAgAACSAAAAAAAAAAAAAAAAAAAAAJbWF0ZXJpYWxlAAAQAAgAANDpGlQAAAARAAgAANTMWwgAAAABABwAu6z0ALmVFAC34HsAEJVvABCVaQAQjLEAEIyvAAIAZE1hY2ludG9zaCBIRDpVc2VyczoAa25ha2tlcmdhYXJkNDoARG9jdW1lbnRzOgBBVToANS5hYXI6AFNwZWNpYWxlOgBtYXRlcmlhbGU6AFBoeXNSZXZCLjgzLjA3NTEwMy5wZGYADgAuABYAUABoAHkAcwBSAGUAdgBCAC4AOAAzAC4AMAA3ADUAMQAwADMALgBwAGQAZgAPABoADABNAGEAYwBpAG4AdABvAHMAaAAgAEgARAASAFBVc2Vycy9rbmFra2VyZ2FhcmQ0L0RvY3VtZW50cy9BVS81LmFhci9TcGVjaWFsZS9tYXRlcmlhbGUvUGh5c1JldkIuODMuMDc1MTAzLnBkZgATAAEvAAAVAAIAFP//AACABtIbHB0eWiRjbGFzc25hbWVYJGNsYXNzZXNdTlNNdXRhYmxlRGF0YaMdHyBWTlNEYXRhWE5TT2JqZWN00hscIiNcTlNEaWN0aW9uYXJ5oiIgXxAPTlNLZXllZEFyY2hpdmVy0SYnVHJvb3SAAQAIABEAGgAjAC0AMgA3AEAARgBNAFUAYABnAGoAbABuAHEAcwB1AHcAhACOALQAuQDBAr0CvwLEAs8C2ALmAuoC8QL6Av8DDAMPAyEDJAMpAAAAAAAAAgEAAAAAAAAAKAAAAAAAAAAAAAAAAAAAAys=}}

@article{BudichTopInvMajoranaWires,
	Author = {Jan Carl Budich and Eddy Ardonne},
	Date-Added = {2017-03-01 13:30:48 +0000},
	Date-Modified = {2017-05-01 12:18:17 +0000},
	Journal = {Physical Review B},
	Number = {075419},
	Title = {Equivalent topological invariants for one-dimensional Majorana wires in symmetry class D},
	Volume = {88},
	Year = {2014}}

@article{FlensbergMajoranaFermions,
	Author = {Martin Leijnse and Karsten Flensberg},
	Date-Added = {2017-03-01 13:28:29 +0000},
	Date-Modified = {2017-03-01 13:29:33 +0000},
	Journal = {arXiv:1206.1736v2},
	Title = {Introduction to topological superconductivity and Majorana fermions},
	Year = {2012},
	Bdsk-File-1 = {YnBsaXN0MDDUAQIDBAUGJCVYJHZlcnNpb25YJG9iamVjdHNZJGFyY2hpdmVyVCR0b3ASAAGGoKgHCBMUFRYaIVUkbnVsbNMJCgsMDxJXTlMua2V5c1pOUy5vYmplY3RzViRjbGFzc6INDoACgAOiEBGABIAFgAdccmVsYXRpdmVQYXRoWWFsaWFzRGF0YV8QIC4uL21hdGVyaWFsZS9LaXRhZXZfbWFqb3JhbmEucGRm0hcLGBlXTlMuZGF0YU8RAe4AAAAAAe4AAgAADE1hY2ludG9zaCBIRAAAAAAAAAAAAAAAAAAAANDpKGRIKwAAALus9BNLaXRhZXZfbWFqb3JhbmEucGRmAAAAAAAAAAAAAAAAAAAAAAAAAAAAAAAAAAAAAAAAAAAAAAAAAAAAAAAAAAAAu6kh1Af6qQAAAAAAAAAAAAEAAgAACSAAAAAAAAAAAAAAAAAAAAAJbWF0ZXJpYWxlAAAQAAgAANDpGlQAAAARAAgAANQH3okAAAABABwAu6z0ALmVFAC34HsAEJVvABCVaQAQjLEAEIyvAAIAYU1hY2ludG9zaCBIRDpVc2VyczoAa25ha2tlcmdhYXJkNDoARG9jdW1lbnRzOgBBVToANS5hYXI6AFNwZWNpYWxlOgBtYXRlcmlhbGU6AEtpdGFldl9tYWpvcmFuYS5wZGYAAA4AKAATAEsAaQB0AGEAZQB2AF8AbQBhAGoAbwByAGEAbgBhAC4AcABkAGYADwAaAAwATQBhAGMAaQBuAHQAbwBzAGgAIABIAEQAEgBNVXNlcnMva25ha2tlcmdhYXJkNC9Eb2N1bWVudHMvQVUvNS5hYXIvU3BlY2lhbGUvbWF0ZXJpYWxlL0tpdGFldl9tYWpvcmFuYS5wZGYAABMAAS8AABUAAgAU//8AAIAG0hscHR5aJGNsYXNzbmFtZVgkY2xhc3Nlc11OU011dGFibGVEYXRhox0fIFZOU0RhdGFYTlNPYmplY3TSGxwiI1xOU0RpY3Rpb25hcnmiIiBfEA9OU0tleWVkQXJjaGl2ZXLRJidUcm9vdIABAAgAEQAaACMALQAyADcAQABGAE0AVQBgAGcAagBsAG4AcQBzAHUAdwCEAI4AsQC2AL4CsAKyArcCwgLLAtkC3QLkAu0C8gL/AwIDFAMXAxwAAAAAAAACAQAAAAAAAAAoAAAAAAAAAAAAAAAAAAADHg==}}

@article{GreiterIsingKitaevChain,
	Author = {Martin Greiter and Vera Schnells and Ronny Thomale},
	Date-Added = {2017-03-01 13:26:19 +0000},
	Date-Modified = {2017-03-01 13:27:48 +0000},
	Journal = {arXiv:1402.5262v2},
	Title = {The 1D Ising model and topological order in the Kitaev chain},
	Year = {2014},
	Bdsk-File-1 = {YnBsaXN0MDDUAQIDBAUGJCVYJHZlcnNpb25YJG9iamVjdHNZJGFyY2hpdmVyVCR0b3ASAAGGoKgHCBMUFRYaIVUkbnVsbNMJCgsMDxJXTlMua2V5c1pOUy5vYmplY3RzViRjbGFzc6INDoACgAOiEBGABIAFgAdccmVsYXRpdmVQYXRoWWFsaWFzRGF0YV8QHS4uL21hdGVyaWFsZS9LaXRhZXZfSXNpbmcucGRm0hcLGBlXTlMuZGF0YU8RAeAAAAAAAeAAAgAADE1hY2ludG9zaCBIRAAAAAAAAAAAAAAAAAAAANDpKGRIKwAAALus9BBLaXRhZXZfSXNpbmcucGRmAAAAAAAAAAAAAAAAAAAAAAAAAAAAAAAAAAAAAAAAAAAAAAAAAAAAAAAAAAAAAAAAumPS1AFHQQAAAAAAAAAAAAEAAgAACSAAAAAAAAAAAAAAAAAAAAAJbWF0ZXJpYWxlAAAQAAgAANDpGlQAAAARAAgAANQBKyEAAAABABwAu6z0ALmVFAC34HsAEJVvABCVaQAQjLEAEIyvAAIAXk1hY2ludG9zaCBIRDpVc2VyczoAa25ha2tlcmdhYXJkNDoARG9jdW1lbnRzOgBBVToANS5hYXI6AFNwZWNpYWxlOgBtYXRlcmlhbGU6AEtpdGFldl9Jc2luZy5wZGYADgAiABAASwBpAHQAYQBlAHYAXwBJAHMAaQBuAGcALgBwAGQAZgAPABoADABNAGEAYwBpAG4AdABvAHMAaAAgAEgARAASAEpVc2Vycy9rbmFra2VyZ2FhcmQ0L0RvY3VtZW50cy9BVS81LmFhci9TcGVjaWFsZS9tYXRlcmlhbGUvS2l0YWV2X0lzaW5nLnBkZgATAAEvAAAVAAIAFP//AACABtIbHB0eWiRjbGFzc25hbWVYJGNsYXNzZXNdTlNNdXRhYmxlRGF0YaMdHyBWTlNEYXRhWE5TT2JqZWN00hscIiNcTlNEaWN0aW9uYXJ5oiIgXxAPTlNLZXllZEFyY2hpdmVy0SYnVHJvb3SAAQAIABEAGgAjAC0AMgA3AEAARgBNAFUAYABnAGoAbABuAHEAcwB1AHcAhACOAK4AswC7Ap8CoQKmArECugLIAswC0wLcAuEC7gLxAwMDBgMLAAAAAAAAAgEAAAAAAAAAKAAAAAAAAAAAAAAAAAAAAw0=}}

@article{ZhangWu,
	Author = {Qi Zhang and Biao Wu},
	Date-Added = {2017-03-01 13:24:28 +0000},
	Date-Modified = {2017-03-01 13:25:21 +0000},
	Journal = {arXiv:1609.06407v1},
	Title = {Dynamical motion and generation of Majorana fermions in the bulk},
	Year = {2016}}

@article{DeGottardiMajoranaFermions,
	Author = {Wade DeGottardi and Manisha Thakurathi and Smitha Vishveshwara and Diptiman Sen},
	Date-Added = {2017-03-01 13:22:12 +0000},
	Date-Modified = {2017-03-01 13:23:58 +0000},
	Journal = {arXiv:1303.3304v1},
	Title = {Majorana Fermions in superconducting wires: effects of long-range hopping, broken time-reversal symmetry and potential landscapes},
	Year = {2013},
	Bdsk-File-1 = {YnBsaXN0MDDUAQIDBAUGJCVYJHZlcnNpb25YJG9iamVjdHNZJGFyY2hpdmVyVCR0b3ASAAGGoKgHCBMUFRYaIVUkbnVsbNMJCgsMDxJXTlMua2V5c1pOUy5vYmplY3RzViRjbGFzc6INDoACgAOiEBGABIAFgAdccmVsYXRpdmVQYXRoWWFsaWFzRGF0YV8QGi4uL21hdGVyaWFsZS8xMzAzLjMzMDQucGRm0hcLGBlXTlMuZGF0YU8RAdYAAAAAAdYAAgAADE1hY2ludG9zaCBIRAAAAAAAAAAAAAAAAAAAANDpKGRIKwAAALus9A0xMzAzLjMzMDQucGRmAAAAAAAAAAAAAAAAAAAAAAAAAAAAAAAAAAAAAAAAAAAAAAAAAAAAAAAAAAAAAAAAAAAA0Vhl1FxowwAAAAAAAAAAAAEAAgAACSAAAAAAAAAAAAAAAAAAAAAJbWF0ZXJpYWxlAAAQAAgAANDpGlQAAAARAAgAANRcWrMAAAABABwAu6z0ALmVFAC34HsAEJVvABCVaQAQjLEAEIyvAAIAW01hY2ludG9zaCBIRDpVc2VyczoAa25ha2tlcmdhYXJkNDoARG9jdW1lbnRzOgBBVToANS5hYXI6AFNwZWNpYWxlOgBtYXRlcmlhbGU6ADEzMDMuMzMwNC5wZGYAAA4AHAANADEAMwAwADMALgAzADMAMAA0AC4AcABkAGYADwAaAAwATQBhAGMAaQBuAHQAbwBzAGgAIABIAEQAEgBHVXNlcnMva25ha2tlcmdhYXJkNC9Eb2N1bWVudHMvQVUvNS5hYXIvU3BlY2lhbGUvbWF0ZXJpYWxlLzEzMDMuMzMwNC5wZGYAABMAAS8AABUAAgAU//8AAIAG0hscHR5aJGNsYXNzbmFtZVgkY2xhc3Nlc11OU011dGFibGVEYXRhox0fIFZOU0RhdGFYTlNPYmplY3TSGxwiI1xOU0RpY3Rpb25hcnmiIiBfEA9OU0tleWVkQXJjaGl2ZXLRJidUcm9vdIABAAgAEQAaACMALQAyADcAQABGAE0AVQBgAGcAagBsAG4AcQBzAHUAdwCEAI4AqwCwALgCkgKUApkCpAKtArsCvwLGAs8C1ALhAuQC9gL5Av4AAAAAAAACAQAAAAAAAAAoAAAAAAAAAAAAAAAAAAADAA==}}

@article{KitaevQuantumWires,
	Author = {Alexei Kitaev},
	Date-Added = {2017-03-01 13:18:28 +0000},
	Date-Modified = {2017-03-01 13:34:09 +0000},
	Journal = {arXiv:cond-mat/0010440v2},
	Title = {Unpaired Majorana fermions in quantum wires},
	Year = {2000},
	Bdsk-File-1 = {YnBsaXN0MDDUAQIDBAUGJCVYJHZlcnNpb25YJG9iamVjdHNZJGFyY2hpdmVyVCR0b3ASAAGGoKgHCBMUFRYaIVUkbnVsbNMJCgsMDxJXTlMua2V5c1pOUy5vYmplY3RzViRjbGFzc6INDoACgAOiEBGABIAFgAdccmVsYXRpdmVQYXRoWWFsaWFzRGF0YV8QGi4uL21hdGVyaWFsZS8wMDEwNDQwdjIucGRm0hcLGBlXTlMuZGF0YU8RAdYAAAAAAdYAAgAADE1hY2ludG9zaCBIRAAAAAAAAAAAAAAAAAAAANDpKGRIKwAAALus9A0wMDEwNDQwdjIucGRmAAAAAAAAAAAAAAAAAAAAAAAAAAAAAAAAAAAAAAAAAAAAAAAAAAAAAAAAAAAAAAAAAAAA3eSr1L4gCwAAAAAAAAAAAAEAAgAACSAAAAAAAAAAAAAAAAAAAAAJbWF0ZXJpYWxlAAAQAAgAANDpGlQAAAARAAgAANS+EfsAAAABABwAu6z0ALmVFAC34HsAEJVvABCVaQAQjLEAEIyvAAIAW01hY2ludG9zaCBIRDpVc2VyczoAa25ha2tlcmdhYXJkNDoARG9jdW1lbnRzOgBBVToANS5hYXI6AFNwZWNpYWxlOgBtYXRlcmlhbGU6ADAwMTA0NDB2Mi5wZGYAAA4AHAANADAAMAAxADAANAA0ADAAdgAyAC4AcABkAGYADwAaAAwATQBhAGMAaQBuAHQAbwBzAGgAIABIAEQAEgBHVXNlcnMva25ha2tlcmdhYXJkNC9Eb2N1bWVudHMvQVUvNS5hYXIvU3BlY2lhbGUvbWF0ZXJpYWxlLzAwMTA0NDB2Mi5wZGYAABMAAS8AABUAAgAU//8AAIAG0hscHR5aJGNsYXNzbmFtZVgkY2xhc3Nlc11OU011dGFibGVEYXRhox0fIFZOU0RhdGFYTlNPYmplY3TSGxwiI1xOU0RpY3Rpb25hcnmiIiBfEA9OU0tleWVkQXJjaGl2ZXLRJidUcm9vdIABAAgAEQAaACMALQAyADcAQABGAE0AVQBgAGcAagBsAG4AcQBzAHUAdwCEAI4AqwCwALgCkgKUApkCpAKtArsCvwLGAs8C1ALhAuQC9gL5Av4AAAAAAAACAQAAAAAAAAAoAAAAAAAAAAAAAAAAAAADAA==}}

@book{HuangStatMech,
	Author = {Kerson Huang},
	Date-Added = {2017-03-01 11:51:49 +0000},
	Date-Modified = {2017-03-09 11:07:54 +0000},
	Edition = {Second Edition},
	Publisher = {Massachusets Institute of Technology},
	Title = {Statistical Mechanics},
	Year = {1987}}

@online{NobelPrize2016,
	Author = {Nobel Media AB 2014},
	Date-Added = {2017-02-27 12:58:58 +0000},
	Date-Modified = {2017-03-01 14:05:48 +0000},
	Lastchecked = {2017-03-01},
	Read = {1},
	Title = {The Nobel Prize in Physics 2016},
	Url = {https://www.nobelprize.org/nobel_prizes/physics/laureates/2016/},
	Urldate = {2017-03-01},
	Bdsk-Url-1 = {https://www.nobelprize.org/nobel_prizes/physics/laureates/2016/}}

@article{LiYangChen,
	Author = {Linhu Li and Chao Yang and Shu Chen},
	Date-Added = {2017-02-21 10:18:41 +0000},
	Date-Modified = {2017-03-09 11:09:11 +0000},
	Journal = {The European Physical Journal B},
	Read = {1},
	Title = {Topological invariants for phase transition points of one-dimensional Z2 topological systems},
	Year = {2013},
	Bdsk-File-1 = {YnBsaXN0MDDUAQIDBAUGJCVYJHZlcnNpb25YJG9iamVjdHNZJGFyY2hpdmVyVCR0b3ASAAGGoKgHCBMUFRYaIVUkbnVsbNMJCgsMDxJXTlMua2V5c1pOUy5vYmplY3RzViRjbGFzc6INDoACgAOiEBGABIAFgAdccmVsYXRpdmVQYXRoWWFsaWFzRGF0YV8QGy4uL21hdGVyaWFsZS9MaVlhbmdDaGVuLnBkZtIXCxgZV05TLmRhdGFPEQHYAAAAAAHYAAIAAAxNYWNpbnRvc2ggSEQAAAAAAAAAAAAAAAAAAADQ6ShkSCsAAAC7rPQOTGlZYW5nQ2hlbi5wZGYAAAAAAAAAAAAAAAAAAAAAAAAAAAAAAAAAAAAAAAAAAAAAAAAAAAAAAAAAAAAAAAAAAOBjY9TQblAAAAAAAAAAAAABAAIAAAkgAAAAAAAAAAAAAAAAAAAACW1hdGVyaWFsZQAAEAAIAADQ6RpUAAAAEQAIAADU0GBAAAAAAQAcALus9AC5lRQAt+B7ABCVbwAQlWkAEIyxABCMrwACAFxNYWNpbnRvc2ggSEQ6VXNlcnM6AGtuYWtrZXJnYWFyZDQ6AERvY3VtZW50czoAQVU6ADUuYWFyOgBTcGVjaWFsZToAbWF0ZXJpYWxlOgBMaVlhbmdDaGVuLnBkZgAOAB4ADgBMAGkAWQBhAG4AZwBDAGgAZQBuAC4AcABkAGYADwAaAAwATQBhAGMAaQBuAHQAbwBzAGgAIABIAEQAEgBIVXNlcnMva25ha2tlcmdhYXJkNC9Eb2N1bWVudHMvQVUvNS5hYXIvU3BlY2lhbGUvbWF0ZXJpYWxlL0xpWWFuZ0NoZW4ucGRmABMAAS8AABUAAgAU//8AAIAG0hscHR5aJGNsYXNzbmFtZVgkY2xhc3Nlc11OU011dGFibGVEYXRhox0fIFZOU0RhdGFYTlNPYmplY3TSGxwiI1xOU0RpY3Rpb25hcnmiIiBfEA9OU0tleWVkQXJjaGl2ZXLRJidUcm9vdIABAAgAEQAaACMALQAyADcAQABGAE0AVQBgAGcAagBsAG4AcQBzAHUAdwCEAI4ArACxALkClQKXApwCpwKwAr4CwgLJAtIC1wLkAucC+QL8AwEAAAAAAAACAQAAAAAAAAAoAAAAAAAAAAAAAAAAAAADAw==}}

@article{FuKane2006,
	Author = {Liang Fu and C. L. Kane},
	Date-Added = {2017-02-17 14:47:51 +0000},
	Date-Modified = {2017-05-01 12:17:54 +0000},
	Journal = {Physical Review B},
	Number = {195312},
	Title = {Time reversal polarization and a Z2 adiabatic spin pump},
	Volume = {74},
	Year = {􏱳2006􏱴},
	Bdsk-File-1 = {YnBsaXN0MDDUAQIDBAUGJCVYJHZlcnNpb25YJG9iamVjdHNZJGFyY2hpdmVyVCR0b3ASAAGGoKgHCBMUFRYaIVUkbnVsbNMJCgsMDxJXTlMua2V5c1pOUy5vYmplY3RzViRjbGFzc6INDoACgAOiEBGABIAFgAdccmVsYXRpdmVQYXRoWWFsaWFzRGF0YV8QIy4uL21hdGVyaWFsZS9QaHlzUmV2Qi43NC4xOTUzMTIucGRm0hcLGBlXTlMuZGF0YU8RAfgAAAAAAfgAAgAADE1hY2ludG9zaCBIRAAAAAAAAAAAAAAAAAAAANDpKGRIKwAAALus9BZQaHlzUmV2Qi43NC4xOTUzMTIucGRmAAAAAAAAAAAAAAAAAAAAAAAAAAAAAAAAAAAAAAAAAAAAAAAAAAAAAAAA3/bY1MvDVQAAAAAAAAAAAAEAAgAACSAAAAAAAAAAAAAAAAAAAAAJbWF0ZXJpYWxlAAAQAAgAANDpGlQAAAARAAgAANTLtUUAAAABABwAu6z0ALmVFAC34HsAEJVvABCVaQAQjLEAEIyvAAIAZE1hY2ludG9zaCBIRDpVc2VyczoAa25ha2tlcmdhYXJkNDoARG9jdW1lbnRzOgBBVToANS5hYXI6AFNwZWNpYWxlOgBtYXRlcmlhbGU6AFBoeXNSZXZCLjc0LjE5NTMxMi5wZGYADgAuABYAUABoAHkAcwBSAGUAdgBCAC4ANwA0AC4AMQA5ADUAMwAxADIALgBwAGQAZgAPABoADABNAGEAYwBpAG4AdABvAHMAaAAgAEgARAASAFBVc2Vycy9rbmFra2VyZ2FhcmQ0L0RvY3VtZW50cy9BVS81LmFhci9TcGVjaWFsZS9tYXRlcmlhbGUvUGh5c1JldkIuNzQuMTk1MzEyLnBkZgATAAEvAAAVAAIAFP//AACABtIbHB0eWiRjbGFzc25hbWVYJGNsYXNzZXNdTlNNdXRhYmxlRGF0YaMdHyBWTlNEYXRhWE5TT2JqZWN00hscIiNcTlNEaWN0aW9uYXJ5oiIgXxAPTlNLZXllZEFyY2hpdmVy0SYnVHJvb3SAAQAIABEAGgAjAC0AMgA3AEAARgBNAFUAYABnAGoAbABuAHEAcwB1AHcAhACOALQAuQDBAr0CvwLEAs8C2ALmAuoC8QL6Av8DDAMPAyEDJAMpAAAAAAAAAgEAAAAAAAAAKAAAAAAAAAAAAAAAAAAAAys=}}

@article{Ryu.Topology,
	Author = {Shinsei Ryu and Andreas P. Schnyder and Akira Furusaki and Andreas W. W. Ludwig},
	Date-Added = {2017-02-14 08:46:30 +0000},
	Date-Modified = {2017-02-14 08:48:22 +0000},
	Journal = {New Journal of Physics},
	Title = {Topological insulators and superconductors: tenfold way and dimensional hierarchy},
	Year = {2010},
	Bdsk-File-1 = {YnBsaXN0MDDUAQIDBAUGJCVYJHZlcnNpb25YJG9iamVjdHNZJGFyY2hpdmVyVCR0b3ASAAGGoKgHCBMUFRYaIVUkbnVsbNMJCgsMDxJXTlMua2V5c1pOUy5vYmplY3RzViRjbGFzc6INDoACgAOiEBGABIAFgAdccmVsYXRpdmVQYXRoWWFsaWFzRGF0YV8QHi4uL21hdGVyaWFsZS9DaGl1LnRvcG9sb2d5LnBkZtIXCxgZV05TLmRhdGFPEQHmAAAAAAHmAAIAAAxNYWNpbnRvc2ggSEQAAAAAAAAAAAAAAAAAAADQ6ShkSCsAAAC7rPQRQ2hpdS50b3BvbG9neS5wZGYAAAAAAAAAAAAAAAAAAAAAAAAAAAAAAAAAAAAAAAAAAAAAAAAAAAAAAAAAAAAAAOBPjNRc024AAAAAAAAAAAABAAIAAAkgAAAAAAAAAAAAAAAAAAAACW1hdGVyaWFsZQAAEAAIAADQ6RpUAAAAEQAIAADUXMVeAAAAAQAcALus9AC5lRQAt+B7ABCVbwAQlWkAEIyxABCMrwACAF9NYWNpbnRvc2ggSEQ6VXNlcnM6AGtuYWtrZXJnYWFyZDQ6AERvY3VtZW50czoAQVU6ADUuYWFyOgBTcGVjaWFsZToAbWF0ZXJpYWxlOgBDaGl1LnRvcG9sb2d5LnBkZgAADgAkABEAQwBoAGkAdQAuAHQAbwBwAG8AbABvAGcAeQAuAHAAZABmAA8AGgAMAE0AYQBjAGkAbgB0AG8AcwBoACAASABEABIAS1VzZXJzL2tuYWtrZXJnYWFyZDQvRG9jdW1lbnRzL0FVLzUuYWFyL1NwZWNpYWxlL21hdGVyaWFsZS9DaGl1LnRvcG9sb2d5LnBkZgAAEwABLwAAFQACABT//wAAgAbSGxwdHlokY2xhc3NuYW1lWCRjbGFzc2VzXU5TTXV0YWJsZURhdGGjHR8gVk5TRGF0YVhOU09iamVjdNIbHCIjXE5TRGljdGlvbmFyeaIiIF8QD05TS2V5ZWRBcmNoaXZlctEmJ1Ryb290gAEACAARABoAIwAtADIANwBAAEYATQBVAGAAZwBqAGwAbgBxAHMAdQB3AIQAjgCvALQAvAKmAqgCrQK4AsECzwLTAtoC4wLoAvUC+AMKAw0DEgAAAAAAAAIBAAAAAAAAACgAAAAAAAAAAAAAAAAAAAMU}}

@article{Ludwig.Topology,
	Author = {W. W. Ludwig, Andreas},
	Date-Added = {2016-11-21 08:27:04 +0000},
	Date-Modified = {2016-11-21 08:29:51 +0000},
	Journal = {arXiv:1512.08882v1},
	Month = {December},
	Title = {Topological Phases: Classification of Topological Insulators and Superconductors of Non-Interacting Fermions, and Beyond},
	Year = {2015},
	Bdsk-File-1 = {YnBsaXN0MDDUAQIDBAUGJCVYJHZlcnNpb25YJG9iamVjdHNZJGFyY2hpdmVyVCR0b3ASAAGGoKgHCBMUFRYaIVUkbnVsbNMJCgsMDxJXTlMua2V5c1pOUy5vYmplY3RzViRjbGFzc6INDoACgAOiEBGABIAFgAdccmVsYXRpdmVQYXRoWWFsaWFzRGF0YV8QeS4uL21hdGVyaWFsZS9MdWR3aWcudG9wb2xvZ2ljYWxfcGhhc2VzX2NsYXNzaWZpY2F0aW9uX3RvcG9sb2dpY2FsX2luc3VsYXRvcnNfc3VwZXJjb25kdWN0b3JzX25vbl9pbnRlcmFjdGluZ19mZXJtaW9ucy5wZGbSFwsYGVdOUy5kYXRhTxEDBAAAAAADBAACAAAMTWFjaW50b3NoIEhEAAAAAAAAAAAAAAAAAAAA0OkoZEgrAAAAu6z0H0x1ZHdpZy50b3BvbG9naWNhbF9wI0QwOTcwMy5wZGYAAAAAAAAAAAAAAAAAAAAAAAAAAAAAAAAAAAAAAAAAAADQlwPTKsYFAAAAAAAAAAAAAQACAAAJIAAAAAAAAAAAAAAAAAAAAAltYXRlcmlhbGUAABAACAAA0OkaVAAAABEACAAA0yqp5QAAAAEAHAC7rPQAuZUUALfgewAQlW8AEJVpABCMsQAQjK8AAgBtTWFjaW50b3NoIEhEOlVzZXJzOgBrbmFra2VyZ2FhcmQ0OgBEb2N1bWVudHM6AEFVOgA1LmFhcjoAU3BlY2lhbGU6AG1hdGVyaWFsZToATHVkd2lnLnRvcG9sb2dpY2FsX3AjRDA5NzAzLnBkZgAADgDaAGwATAB1AGQAdwBpAGcALgB0AG8AcABvAGwAbwBnAGkAYwBhAGwAXwBwAGgAYQBzAGUAcwBfAGMAbABhAHMAcwBpAGYAaQBjAGEAdABpAG8AbgBfAHQAbwBwAG8AbABvAGcAaQBjAGEAbABfAGkAbgBzAHUAbABhAHQAbwByAHMAXwBzAHUAcABlAHIAYwBvAG4AZAB1AGMAdABvAHIAcwBfAG4AbwBuAF8AaQBuAHQAZQByAGEAYwB0AGkAbgBnAF8AZgBlAHIAbQBpAG8AbgBzAC4AcABkAGYADwAaAAwATQBhAGMAaQBuAHQAbwBzAGgAIABIAEQAEgCmVXNlcnMva25ha2tlcmdhYXJkNC9Eb2N1bWVudHMvQVUvNS5hYXIvU3BlY2lhbGUvbWF0ZXJpYWxlL0x1ZHdpZy50b3BvbG9naWNhbF9waGFzZXNfY2xhc3NpZmljYXRpb25fdG9wb2xvZ2ljYWxfaW5zdWxhdG9yc19zdXBlcmNvbmR1Y3RvcnNfbm9uX2ludGVyYWN0aW5nX2Zlcm1pb25zLnBkZgATAAEvAAAVAAIAFP//AACABtIbHB0eWiRjbGFzc25hbWVYJGNsYXNzZXNdTlNNdXRhYmxlRGF0YaMdHyBWTlNEYXRhWE5TT2JqZWN00hscIiNcTlNEaWN0aW9uYXJ5oiIgXxAPTlNLZXllZEFyY2hpdmVy0SYnVHJvb3SAAQAIABEAGgAjAC0AMgA3AEAARgBNAFUAYABnAGoAbABuAHEAcwB1AHcAhACOAQoBDwEXBB8EIQQmBDEEOgRIBEwEUwRcBGEEbgRxBIMEhgSLAAAAAAAAAgEAAAAAAAAAKAAAAAAAAAAAAAAAAAAABI0=}}

@article{Chiu.Topology,
	Author = {Chiu, Ching-Kai and C.Y. Teo, Jeffrey and P. Schnyder, Andreas and Ryu, Shinsei},
	Date-Added = {2016-11-21 08:23:31 +0000},
	Date-Modified = {2016-11-21 08:27:26 +0000},
	Journal = {Rewievs of modern physics},
	Month = {July-September},
	Title = {Classification of topological quantum matter with symmetries},
	Volume = {88},
	Year = {2016},
	Bdsk-File-1 = {YnBsaXN0MDDUAQIDBAUGJCVYJHZlcnNpb25YJG9iamVjdHNZJGFyY2hpdmVyVCR0b3ASAAGGoKgHCBMUFRYaIVUkbnVsbNMJCgsMDxJXTlMua2V5c1pOUy5vYmplY3RzViRjbGFzc6INDoACgAOiEBGABIAFgAdccmVsYXRpdmVQYXRoWWFsaWFzRGF0YV8QHi4uL21hdGVyaWFsZS9DaGl1LnRvcG9sb2d5LnBkZtIXCxgZV05TLmRhdGFPEQHmAAAAAAHmAAIAAAxNYWNpbnRvc2ggSEQAAAAAAAAAAAAAAAAAAADQ6ShkSCsAAAC7rPQRQ2hpdS50b3BvbG9neS5wZGYAAAAAAAAAAAAAAAAAAAAAAAAAAAAAAAAAAAAAAAAAAAAAAAAAAAAAAAAAAAAAAOBPjNRc024AAAAAAAAAAAABAAIAAAkgAAAAAAAAAAAAAAAAAAAACW1hdGVyaWFsZQAAEAAIAADQ6RpUAAAAEQAIAADUXMVeAAAAAQAcALus9AC5lRQAt+B7ABCVbwAQlWkAEIyxABCMrwACAF9NYWNpbnRvc2ggSEQ6VXNlcnM6AGtuYWtrZXJnYWFyZDQ6AERvY3VtZW50czoAQVU6ADUuYWFyOgBTcGVjaWFsZToAbWF0ZXJpYWxlOgBDaGl1LnRvcG9sb2d5LnBkZgAADgAkABEAQwBoAGkAdQAuAHQAbwBwAG8AbABvAGcAeQAuAHAAZABmAA8AGgAMAE0AYQBjAGkAbgB0AG8AcwBoACAASABEABIAS1VzZXJzL2tuYWtrZXJnYWFyZDQvRG9jdW1lbnRzL0FVLzUuYWFyL1NwZWNpYWxlL21hdGVyaWFsZS9DaGl1LnRvcG9sb2d5LnBkZgAAEwABLwAAFQACABT//wAAgAbSGxwdHlokY2xhc3NuYW1lWCRjbGFzc2VzXU5TTXV0YWJsZURhdGGjHR8gVk5TRGF0YVhOU09iamVjdNIbHCIjXE5TRGljdGlvbmFyeaIiIF8QD05TS2V5ZWRBcmNoaXZlctEmJ1Ryb290gAEACAARABoAIwAtADIANwBAAEYATQBVAGAAZwBqAGwAbgBxAHMAdQB3AIQAjgCvALQAvAKmAqgCrQK4AsECzwLTAtoC4wLoAvUC+AMKAw0DEgAAAAAAAAIBAAAAAAAAACgAAAAAAAAAAAAAAAAAAAMU}}

@article{BruunZhigangTopSuperfluid,
	Author = {Bruun, Georg M. and Wu, Zhigang},
	Date-Added = {2016-11-09 15:07:16 +0000},
	Date-Modified = {2016-11-21 08:30:19 +0000},
	Journal = {arXiv:1609.09138},
	Month = {September},
	Title = {Topological superfluid in a Fermi-Bose mixture with a high critical temperature},
	Year = {2016}}

@book{LandauStatPhys2,
	Author = {Lifshitz, E.M. and Pitaevskii, L.P.},
	Date-Added = {2016-10-27 07:56:18 +0000},
	Date-Modified = {2016-10-27 07:56:18 +0000},
	Keywords = {Volume 9 in the Landau Lifshitz series},
	Publisher = {Butterworth-Heinemann},
	Read = {1},
	Series = {Course of Theoretical Physics},
	Title = {Statistical Physics, Part 2},
	Volume = {9},
	Year = {1980},
	Bdsk-Url-1 = {http://www.uv.es/bernardo/BayesStat.pdf}}

@book{GiuseppeGiuseppe,
	Author = {Grosso, Giuseppe and Parravicini, Giuseppe Pastori},
	Date-Added = {2016-10-21 11:05:58 +0000},
	Date-Modified = {2017-03-09 11:08:27 +0000},
	Edition = {Second Edition},
	Publisher = {Academic Press},
	Title = {Solid State Physics},
	Year = {2014}}

@book{PlischkeStatPhys,
	Author = {Plischke, Michael and Bergersen, Birger},
	Date-Added = {2016-10-15 12:55:16 +0000},
	Date-Modified = {2016-10-15 13:03:04 +0000},
	Publisher = {World Scientific},
	Title = {Equilibrium Statistical Physics},
	Year = {1994}}

@book{SchroederThermal,
	Author = {Schroeder, Daniel V.},
	Date-Added = {2016-10-14 12:35:54 +0000},
	Date-Modified = {2016-10-14 12:36:49 +0000},
	Publisher = {Addison-Wesley},
	Read = {1},
	Title = {An introduction to Thermal Physics},
	Year = {2000}}

@book{Tinkham,
	Author = {Tinkham, Michael},
	Date-Added = {2016-10-14 12:31:45 +0000},
	Date-Modified = {2016-10-14 12:33:47 +0000},
	Publisher = {Dover Publications, inc.},
	Read = {1},
	Title = {Introduction to Superconductivity},
	Year = {2015}}

@book{BruusFlensberg,
	Author = {Bruus, Henrik and Flensberg, Karsten},
	Date-Added = {2016-10-07 15:24:07 +0000},
	Date-Modified = {2017-05-04 09:41:54 +0000},
	Edition = {Corrected version},
	Publisher = {Oxford University Press},
	Rating = {5},
	Title = {Many-body quantum theory in condensed matter physics},
	Year = {2016}}

@article{Alicea,
	Author = {Alicea, Jason},
	Date-Added = {2016-10-07 13:42:02 +0000},
	Date-Modified = {2016-10-15 10:46:41 +0000},
	Journal = {Reports on Progress in Physics},
	Read = {1},
	Title = {New directions in the pursuit of Majorana fermions in solid state systems},
	Year = {2012},
	Bdsk-File-1 = {YnBsaXN0MDDUAQIDBAUGJCVYJHZlcnNpb25YJG9iamVjdHNZJGFyY2hpdmVyVCR0b3ASAAGGoKgHCBMUFRYaIVUkbnVsbNMJCgsMDxJXTlMua2V5c1pOUy5vYmplY3RzViRjbGFzc6INDoACgAOiEBGABIAFgAdccmVsYXRpdmVQYXRoWWFsaWFzRGF0YV8QMy4uL21hdGVyaWFsZS9BbGljZWEudG9wb2xvZ2ljYWwuc3VwZXJjb25kdWN0b3JzLnBkZtIXCxgZV05TLmRhdGFPEQIyAAAAAAIyAAIAAAxNYWNpbnRvc2ggSEQAAAAAAAAAAAAAAAAAAADQ6ShkSCsAAAC7rPQfQWxpY2VhLnRvcG9sb2dpY2FsLnMjRTU0MTc3LnBkZgAAAAAAAAAAAAAAAAAAAAAAAAAAAAAAAAAAAAAAAAAAAOVBd8+/cDRQREYgQ0FSTwABAAIAAAkgAAAAAAAAAAAAAAAAAAAACW1hdGVyaWFsZQAAEAAIAADQ6RpUAAAAEQAIAADPv1QUAAAAAQAcALus9AC5lRQAt+B7ABCVbwAQlWkAEIyxABCMrwACAG1NYWNpbnRvc2ggSEQ6VXNlcnM6AGtuYWtrZXJnYWFyZDQ6AERvY3VtZW50czoAQVU6ADUuYWFyOgBTcGVjaWFsZToAbWF0ZXJpYWxlOgBBbGljZWEudG9wb2xvZ2ljYWwucyNFNTQxNzcucGRmAAAOAE4AJgBBAGwAaQBjAGUAYQAuAHQAbwBwAG8AbABvAGcAaQBjAGEAbAAuAHMAdQBwAGUAcgBjAG8AbgBkAHUAYwB0AG8AcgBzAC4AcABkAGYADwAaAAwATQBhAGMAaQBuAHQAbwBzAGgAIABIAEQAEgBgVXNlcnMva25ha2tlcmdhYXJkNC9Eb2N1bWVudHMvQVUvNS5hYXIvU3BlY2lhbGUvbWF0ZXJpYWxlL0FsaWNlYS50b3BvbG9naWNhbC5zdXBlcmNvbmR1Y3RvcnMucGRmABMAAS8AABUAAgAU//8AAIAG0hscHR5aJGNsYXNzbmFtZVgkY2xhc3Nlc11OU011dGFibGVEYXRhox0fIFZOU0RhdGFYTlNPYmplY3TSGxwiI1xOU0RpY3Rpb25hcnmiIiBfEA9OU0tleWVkQXJjaGl2ZXLRJidUcm9vdIABAAgAEQAaACMALQAyADcAQABGAE0AVQBgAGcAagBsAG4AcQBzAHUAdwCEAI4AxADJANEDBwMJAw4DGQMiAzADNAM7A0QDSQNWA1kDawNuA3MAAAAAAAACAQAAAAAAAAAoAAAAAAAAAAAAAAAAAAADdQ==}}

@book{Pethick,
	Author = {Pethick, C. J. and Smith, H.},
	Date-Added = {2016-10-07 10:27:17 +0000},
	Date-Modified = {2016-10-08 17:14:46 +0000},
	Publisher = {Cambridge University Press},
	Title = {Bose-Einstein Condensation in dilute gases},
	Year = {2008}}

@book{Sakurai,
	Author = {Sakurai, J.J. and Napolitano, Jim},
	Date-Modified = {2017-03-09 11:12:01 +0000},
	Edition = {Revised Edition},
	Publisher = {Addison-Wesley, Pearson},
	Title = {Modern Quantum Mechanics},
	Year = {1994}}

@book{LandauQM,
	Author = {Landau, L.D. and Lifshitz, E.M.},
	Date-Modified = {2016-10-27 07:58:40 +0000},
	Keywords = {Volume 3 in the Landau Lifshitz series},
	Publisher = {Butterworth-Heinemann},
	Read = {1},
	Series = {Course of Theoretical Physics},
	Title = {Quantum Mechanics (Non-relativistic theory)},
	Volume = {3},
	Year = {1977},
	Bdsk-Url-1 = {http://www.uv.es/bernardo/BayesStat.pdf}}

@book{Griffithskvant,
	Author = {David J. Griffiths},
	Edition = {Second},
	Publisher = {Pearson Prentice Hall},
	Title = {Introduction to Quantum Mechanics},
	Year = {2005}}

@book{ThorbjoernsenMaalteori,
	Author = {Thorbj{\o}rnsen, Steen},
	Date-Modified = {2016-10-08 17:16:16 +0000},
	Publisher = {Aarhus Universitetsforlag},
	Title = {Grundl{\ae}ggende m{\aa}l- og integralteori},
	Year = {2014}}
